@article{spacegraphcats_dummy,
    author = {Brown, C. T. and Moritz, D. and O'Brien, M. P. and Reidl, F. and Sullivan, B. D.},
    title = {Extracting Neighborhood Structure from Very Large DNA Graphs},
    journal = {In preparation},
    year = {2018}
}

@misc{spacegraphcats,
  author       = {C. T. Brown and D. Moritz and M. P. O'Brien and F. Reidl and B. D. Sullivan},
  title        = {{spacegraphcats}, v1.0},
  month        = Nov,
  year         = 2018,
  doi          = {10.5281/zenodo.1478025},
  howpublished = {\url{http://dx.doi.org/10.5281/zenodo.1478025}}
}

@article{chikhi2016compacting,
  title={Compacting de Bruijn graphs from sequencing data quickly and in low memory},
  author={Chikhi, Rayan and Limasset, Antoine and Medvedev, Paul},
  journal={Bioinformatics},
  volume={32},
  number={12},
  pages={i201--i208},
  year={2016},
  publisher={Oxford University Press}
}

@article{limasset2017mphf,
  author    = {Antoine Limasset and
               Guillaume Rizk and
               Rayan Chikhi and
               Pierre Peterlongo},
  title     = {Fast and scalable minimal perfect hashing for massive key sets},
  journal   = {CoRR},
  volume    = {abs/1702.03154},
  year      = {2017},
  url       = {http://arxiv.org/abs/1702.03154},
  archivePrefix = {arXiv},
  eprint    = {1702.03154},
  timestamp = {Wed, 07 Jun 2017 14:41:33 +0200},
  biburl    = {https://dblp.org/rec/bib/journals/corr/LimassetRCP17},
  bibsource = {dblp computer science bibliography, https://dblp.org}
}

@misc{sourmash,
  author       = {C. T. Brown and
                  L. Irber and
                  L. Cohen},
  title        = {dib-lab/sourmash: v1.0},
  month        = sep,
  year         = 2016,
  doi          = {10.5281/zenodo.153989},
  howpublished = {\url{https://doi.org/10.5281/zenodo.153989}}
}

@article{laczny2017busybee,
  title={BusyBee Web: metagenomic data analysis by bootstrapped supervised binning and annotation},
  author={Laczny, C. C. and Kiefer, C. and Galata, V. and Fehlmann, T. and Backes, C. and Keller, A.},
  journal={Nucleic Acids Research},
  pages={gkx348},
  year={2017},
  publisher={Oxford University Press}
}

@article{greene2015understanding,
  title={Understanding multicellular function and disease with human tissue-specific networks},
  author={Greene, C. S. and Krishnan, A. and Wong, A. K. and Ricciotti, E. and Zelaya, R. A. and Himmelstein, D. S. and Zhang, R. and Hartmann, B. M. and Zaslavsky, E. and Sealfon, S. C. and others},
  journal={Nature genetics},
  volume={47},
  number={6},
  pages={569--576},
  year={2015},
  publisher={Nature Publishing Group}
}

@article{lin2016accurate,
  title={Accurate binning of metagenomic contigs via automated clustering sequences using information of genomic signatures and marker genes},
  author={Lin, H. and Liao, Y.},
  journal={Scientific Reports},
  volume={6},
  pages={24175},
  year={2016},
  publisher={Nature Publishing Group}
}

@article{zhang2005general,
  title={A general framework for weighted gene co-expression network analysis},
  author={Zhang, B. and Horvath, S.},
  journal={Statistical applications in genetics and molecular biology},
  volume={4},
  number={1},
  year={2005}
}

@article{wey2008social,
  title={Social network analysis of animal behaviour: a promising tool for the study of sociality},
  author={Wey, T. and Blumstein, D. T. and Shen, W. and Jord{\'a}n, F.},
  journal={Animal behaviour},
  volume={75},
  number={2},
  pages={333--344},
  year={2008},
  publisher={Elsevier},
  doi={10.1016/j.anbehav.2007.06.020}
}

@article{pop2009genome,
  title={Genome assembly reborn: recent computational challenges},
  author={Pop, M.},
  journal={Briefings in bioinformatics},
  volume={10},
  number={4},
  pages={354--366},
  year={2009},
  publisher={Oxford University Press},
  doi={10.1093/bib/bbp026}
}

@article {podar,
    author = {Shakya, M. and Quince, C. and Campbell, J. H. and Yang, Z. K. and Schadt, C. W. and Podar, M.},
    title = {Comparative metagenomic and rRNA microbial diversity characterization using archaeal and bacterial synthetic communities},
    journal = {Environmental Microbiology},
    volume = {15},
    number = {6},
    issn = {1462-2920},
    url = {http://dx.doi.org/10.1111/1462-2920.12086},
    doi = {10.1111/1462-2920.12086},
    pages = {1882--1899},
    year = {2013},
}

@article{hu,
  title={Genome-resolved metagenomic analysis reveals roles for candidate phyla and other microbial community members in biogeochemical transformations in oil reservoirs},
  author={Hu, P. and Tom, L. and Singh, A. and Thomas, B. C. and Baker, B. J. and Piceno, Y. M. and Andersen, G. L. and Banfield, J. F.},
  journal={MBio},
  volume={7},
  number={1},
  pages={e01669--15},
  year={2016},
  publisher={Am Soc Microbiol},
  doi={10.1128/mBio.01669-15}
}


@book{sparsity,
  title={Sparsity: graphs, structures, and algorithms},
  author={de Mendez, Patrice Ossona and others},
  volume={28},
  year={2012},
  publisher={Springer Science \& Business Media},
  doi={10.1007/978-3-642-27875-4}
}

@article{demaine2014structural,
  author    = {Erik D. Demaine and
               Felix Reidl and
               Peter Rossmanith and
               Fernando S{\'{a}}nchez Villaamil and
               Somnath Sikdar and
               Blair D. Sullivan},
  title     = {Structural Sparsity of Complex Networks: Random Graph Models and Linear
               Algorithms},
  journal   = {CoRR},
  volume    = {abs/1406.2587},
  year      = {2014},
  url       = {http://arxiv.org/abs/1406.2587},
  archivePrefix = {arXiv},
  eprint    = {1406.2587},
  timestamp = {Wed, 07 Jun 2017 14:42:19 +0200},
  biburl    = {https://dblp.org/rec/bib/journals/corr/DemaineRRVSS14},
  bibsource = {dblp computer science bibliography, https://dblp.org}
}

@article{felixThesis,
      author       = {F. Reidl},
      othercontributors = {P. Rossmanith and J. \Nesetril},
      title        = {{S}tructural sparseness and complex networks},
      school       = {Aachen, Techn. Hochsch.},
      type         = {Dr.},
      address      = {Aachen},
      publisher    = {Publikationsserver der RWTH Aachen University},
      reportid     = {RWTH-2015-07564},
      year         = {2016},
      note         = {Aachen, Techn. Hochsch., Diss., 2015},
      cin          = {121220 / 120000},
      ddc          = {Informatik},
      cid          = {$I:(DE-82)121220_20140620$ / $I:(DE-82)120000_20140620$},
      typ          = {PUB:(DE-HGF)11},
      urn          = {urn:nbn:de:hbz:82-rwth-2015-075649},
      url          = {http://publications.rwth-aachen.de/record/565064},
}

@article{pell2012scaling,
  title={Scaling metagenome sequence assembly with probabilistic de Bruijn graphs},
  author={Pell, Jason and others},
  journal={PNAS},
  volume={109},
  number={33},
  pages={13272--13277},
  year={2012},
  publisher={National Acad Sciences},
  url={https://doi.org/10.1073/pnas.1121464109},
  doi={10.1073/pnas.1121464109},
}

@article{shakya2013comparative,
  title={Comparative metagenomic and rRNA microbial diversity characterization using archaeal and bacterial synthetic communities},
  author={Shakya, Migun and others},
  journal={Environ. microbiol.},
  volume={15},
  number={6},
  pages={1882--1899},
  year={2013},
  publisher={Wiley Online Library},
  doi={10.1111/1462-2920.12086}
}

@article{chlebik2008approximation,
  title={Approximation hardness of dominating set problems in bounded degree graphs},
  author={Chleb{\'\i}k, Miroslav and Chleb{\'\i}kov{\'a}, Janka},
  journal={Information and Computation},
  volume={206},
  number={11},
  pages={1264--1275},
  year={2008},
  publisher={Elsevier}
}

@incollection{karp1972reducibility,
  title={Reducibility among combinatorial problems},
  author={Karp, Richard M},
  booktitle={Complexity of computer computations},
  pages={85--103},
  year={1972},
  publisher={Springer}
}

@book{downey2012parameterized,
  title={Parameterized complexity},
  author={Downey, Rodney G and Fellows, Michael Ralph},
  year={2012},
  publisher={Springer Science \& Business Media}
}

@unpublished {Awad155358,
	author = {Awad, Sherine and Irber, Luiz and Brown, C. Titus},
	title = {Evaluating Metagenome Assembly on a Simple Defined Community with Many Strain Variants},
	year = {2017},
	doi = {10.1101/155358},
	publisher = {Cold Spring Harbor Laboratory},
	abstract = {We evaluate the performance of three metagenome assemblers, IDBA, MetaSPAdes, and MEGAHIT, on short-read sequencing of a defined {\textquotedblleft}mock{\textquotedblright} community containing 64 genomes (Shakya et al. (2013)). We update the reference metagenome for this mock community and detect several additional genomes in the read data set. We show that strain confusion results in significant loss in assembly of reference genomes that are otherwise completely present in the read data set. In agreement with previous studies, we find that MEGAHIT performs best computationally; we also show that MEGAHIT tends to recover larger portions of the strain variants than the other assemblers.},
	URL = {https://www.biorxiv.org/content/early/2017/07/03/155358},
    doi = {10.1101/155358},
	eprint = {https://www.biorxiv.org/content/early/2017/07/03/155358.full.pdf},
	journal = {bioRxiv},
    note = {https://www.biorxiv.org/content/early/2017/07/03/155358}
}

@article{Hu2016,
  doi = {10.1128/mbio.01669-15},
  url = {https://doi.org/10.1128/mbio.01669-15},
  year  = {2016},
  month = {jan},
  publisher = {American Society for Microbiology},
  volume = {7},
  number = {1},
  author = {Ping Hu and Lauren Tom and Andrea Singh and Brian C. Thomas and Brett J. Baker and Yvette M. Piceno and Gary L. Andersen and Jillian F. Banfield},
  title = {Genome-Resolved Metagenomic Analysis Reveals Roles for Candidate Phyla and Other Microbial Community Members in Biogeochemical Transformations in Oil Reservoirs},
  journal = {{mBio}}
}

@article{CAMI,
  doi = {10.1038/nmeth.4458},
  url = {https://doi.org/10.1038/nmeth.4458},
  year  = {2017},
  month = {oct},
  publisher = {Springer Nature},
  volume = {14},
  number = {11},
  pages = {1063--1071},
  author = {Alexander Sczyrba and Peter Hofmann and Peter Belmann and David Koslicki and Stefan Janssen and Johannes Dr\"{o}ge and Ivan Gregor and Stephan Majda and Jessika Fiedler and Eik Dahms and Andreas Bremges and Adrian Fritz and Ruben Garrido-Oter and Tue Sparholt J{\o}rgensen and Nicole Shapiro and Philip D Blood and Alexey Gurevich and Yang Bai and Dmitrij Turaev and Matthew Z DeMaere and Rayan Chikhi and Niranjan Nagarajan and Christopher Quince and Fernando Meyer and Monika Balvo{\v{c}}i{\={u}}t{\.{e}} and Lars Hestbjerg Hansen and S{\o}ren J S{\o}rensen and Burton K H Chia and Bertrand Denis and Jeff L Froula and Zhong Wang and Robert Egan and Dongwan Don Kang and Jeffrey J Cook and Charles Deltel and Michael Beckstette and Claire Lemaitre and Pierre Peterlongo and Guillaume Rizk and Dominique Lavenier and Yu-Wei Wu and Steven W Singer and Chirag Jain and Marc Strous and Heiner Klingenberg and Peter Meinicke and Michael D Barton and Thomas Lingner and Hsin-Hung Lin and Yu-Chieh Liao and Genivaldo Gueiros Z Silva and Daniel A Cuevas and Robert A Edwards and Surya Saha and Vitor C Piro and Bernhard Y Renard and Mihai Pop and Hans-Peter Klenk and Markus G\"{o}ker and Nikos C Kyrpides and Tanja Woyke and Julia A Vorholt and Paul Schulze-Lefert and Edward M Rubin and Aaron E Darling and Thomas Rattei and Alice C McHardy},
  title = {Critical Assessment of Metagenome Interpretation{\textemdash}a benchmark of metagenomics software},
  journal = {Nature Methods}
}

@article{Kraken,
  doi = {10.1186/gb-2014-15-3-r46},
  url = {https://doi.org/10.1186/gb-2014-15-3-r46},
  year  = {2014},
  publisher = {Springer Nature},
  volume = {15},
  number = {3},
  pages = {R46},
  author = {Derrick E Wood and Steven L Salzberg},
  title = {Kraken: ultrafast metagenomic sequence classification using exact alignments},
  journal = {Genome Biology}
}

@article{MEGAN,
  doi = {10.1101/gr.5969107},
  url = {https://doi.org/10.1101/gr.5969107},
  year  = {2007},
  month = {feb},
  publisher = {Cold Spring Harbor Laboratory},
  volume = {17},
  number = {3},
  pages = {377--386},
  author = {D. H. Huson and A. F. Auch and J. Qi and S. C. Schuster},
  title = {{MEGAN} analysis of metagenomic data},
  journal = {Genome Research}
}

@unpublished{Zhang2015,
  doi = {10.7287/peerj.preprints.890v1},
  url = {https://doi.org/10.7287/peerj.preprints.890v1},
  year  = {2015},
  month = {mar},
  publisher = {{PeerJ}},
  author = {Qingpeng Zhang and Sherine Awad and C. Titus Brown},
  title = {Crossing the streams: a framework for streaming analysis of short {DNA} sequencing reads},
  note = {https://doi.org/10.7287/peerj.preprints.890v1}
}

@article{Standage2017,
  doi = {10.21105/joss.00272},
  url = {https://doi.org/10.21105/joss.00272},
  year  = {2017},
  month = {jul},
  publisher = {The Open Journal},
  volume = {2},
  number = {15},
  pages = {272},
  author = {Daniel Standage and Ali yari and Lisa J. Cohen and Michael R. Crusoe and Tim Head and Luiz Irber and Shannon EK Joslin and N. B. Kingsley and Kevin D. Murray and Russell Neches and Camille Scott and Ryan Shean and Sascha Steinbiss and Cait Sydney and C. Titus Brown},
  title = {khmer release v2.1: software for biological sequence analysis},
  journal = {The Journal of Open Source Software}
}
@article{metapalette,
	doi = {10.1128/msystems.00020-16},
	url = {https://doi.org/10.1128%2Fmsystems.00020-16},
	year = 2016,
	month = {jun},
	publisher = {American Society for Microbiology},
	volume = {1},
	number = {3},
	author = {David Koslicki and Daniel Falush},
	editor = {Janet K. Jansson},
	title = {
		                    {MetaPalette}: a
		                    k
		                    -mer Painting Approach for Metagenomic Taxonomic Profiling and Quantification of Novel Strain Variation
		                  },
	journal = {{mSystems}}
}
@article{mash,
	doi = {10.1186/s13059-016-0997-x},
	url = {https://doi.org/10.1186%2Fs13059-016-0997-x},
	year = 2016,
	month = {jun},
	publisher = {Springer Nature},
	volume = {17},
	number = {1},
	author = {Brian D. Ondov and Todd J. Treangen and P{\'{a}}ll Melsted and Adam B. Mallonee and Nicholas H. Bergman and Sergey Koren and Adam M. Phillippy},
	title = {Mash: fast genome and metagenome distance estimation using {MinHash}},
	journal = {Genome Biology}
}
@article{CheckM,
  doi = {10.1101/gr.186072.114},
  url = {https://doi.org/10.1101/gr.186072.114},
  year  = {2015},
  month = {may},
  publisher = {Cold Spring Harbor Laboratory},
  volume = {25},
  number = {7},
  pages = {1043--1055},
  author = {Donovan H. Parks and Michael Imelfort and Connor T. Skennerton and Philip Hugenholtz and Gene W. Tyson},
  title = {{CheckM}: assessing the quality of microbial genomes recovered from isolates,  single cells,  and metagenomes},
  journal = {Genome Research}
}

@article{baltic,
  doi = {10.1186/s40168-018-0550-0},
  url = {https://doi.org/10.1186/s40168-018-0550-0},
  year  = {2018},
  month = {sep},
  publisher = {Springer Nature America,  Inc},
  volume = {6},
  number = {1},
  author = {Johannes Alneberg and Christofer M. G. Karlsson and Anna-Maria Divne and Claudia Bergin and Felix Homa and Markus V. Lindh and Luisa W. Hugerth and Thijs J. G. Ettema and Stefan Bertilsson and Anders F. Andersson and Jarone Pinhassi},
  title = {Genomes from uncultivated prokaryotes: a comparison of metagenome-assembled and single-amplified genomes},
  journal = {Microbiome}
}

@article{Nayfach2016,
  doi = {10.1101/gr.201863.115},
  url = {https://doi.org/10.1101/gr.201863.115},
  year  = {2016},
  month = {oct},
  publisher = {Cold Spring Harbor Laboratory},
  volume = {26},
  number = {11},
  pages = {1612--1625},
  author = {Stephen Nayfach and Beltran Rodriguez-Mueller and Nandita Garud and Katherine S. Pollard},
  title = {An integrated metagenomics pipeline for strain profiling reveals novel patterns of bacterial transmission and biogeography},
  journal = {Genome Research}
}

@article{mspminer,
  doi = {10.1093/bioinformatics/bty830},
  url = {https://doi.org/10.1093/bioinformatics/bty830},
  year  = {2018},
  month = {sep},
  publisher = {Oxford University Press ({OUP})},
  author = {Florian Plaza Onate and Emmanuelle Le Chatelier and Mathieu Almeida and Alessandra C L Cervino and Franck Gauthier and Frederic Magoules and S Dusko Ehrlich and Matthieu Pichaud},
  editor = {Jonathan Wren},
  title = {{MSPminer}: abundance-based reconstitution of microbial pan-genomes from shotgun metagenomic data},
  journal = {Bioinformatics}
}

@article{DESMAN,
  doi = {10.1186/s13059-017-1309-9},
  url = {https://doi.org/10.1186/s13059-017-1309-9},
  year  = {2017},
  month = {sep},
  publisher = {Springer Nature},
  volume = {18},
  number = {1},
  author = {Christopher Quince and Tom O. Delmont and S{\'{e}}bastien Raguideau and Johannes Alneberg and Aaron E. Darling and Gavin Collins and A. Murat Eren},
  title = {{DESMAN}: a new tool for de novo extraction of strains from metagenomes},
  journal = {Genome Biology}
}

@article{brownstrain,
  doi = {10.1038/nbt.3375},
  url = {https://doi.org/10.1038/nbt.3375},
  year  = {2015},
  month = {oct},
  publisher = {Springer Nature},
  volume = {33},
  number = {10},
  pages = {1041--1043},
  author = {C Titus Brown},
  title = {Strain recovery from metagenomes},
  journal = {Nature Biotechnology}
}

@article{Brito2016,
  doi = {10.3389/fmicb.2016.00712},
  url = {https://doi.org/10.3389/fmicb.2016.00712},
  year  = {2016},
  month = {may},
  publisher = {Frontiers Media {SA}},
  volume = {7},
  author = {Ilana L. Brito and Eric J. Alm},
  title = {Tracking Strains in the Microbiome: Insights from Metagenomics and Models},
  journal = {Frontiers in Microbiology}
}

@article{megahit,
  doi = {10.1016/j.ymeth.2016.02.020},
  url = {https://doi.org/10.1016/j.ymeth.2016.02.020},
  year  = {2016},
  month = {jun},
  publisher = {Elsevier {BV}},
  volume = {102},
  pages = {3--11},
  author = {Dinghua Li and Ruibang Luo and Chi-Man Liu and Chi-Ming Leung and H\
ing-Fung Ting and Kunihiko Sadakane and Hiroshi Yamashita and Tak-Wah Lam},
  title = {{MEGAHIT} v1.0: A fast and scalable metagenome assembler driven by a\
dvanced methodologies and community practices},
  journal = {Methods}
}


@article{Marbouty2014,
  doi = {10.7554/elife.03318},
  url = {https://doi.org/10.7554/elife.03318},
  year  = {2014},
  month = {dec},
  publisher = {{eLife} Sciences Organisation,  Ltd.},
  volume = {3},
  author = {Martial Marbouty and Axel Cournac and Jean-Fran{\c{c}}ois Flot and \
Herv{\'{e}} Marie-Nelly and Julien Mozziconacci and Romain Koszul},
  title = {Metagenomic chromosome conformation capture (meta3C) unveils the div\
ersity of chromosome organization in microorganisms},
  journal = {{eLife}}
}

@article{Beitel2014,
  doi = {10.7717/peerj.415},
  url = {https://doi.org/10.7717/peerj.415},
  year  = {2014},
  month = {may},
  publisher = {{PeerJ}},
  volume = {2},
  pages = {e415},
  author = {Christopher W. Beitel and Lutz Froenicke and Jenna M. Lang and Ian \
F. Korf and Richard W. Michelmore and Jonathan A. Eisen and Aaron E. Darling},
  title = {Strain- and plasmid-level deconvolution of a synthetic metagenome by\
 sequencing proximity ligation products},
  journal = {{PeerJ}}
}

@article{nurk2017metaspades,
  title={metaSPAdes: a new versatile metagenomic assembler},
  author={Nurk, Sergey and Meleshko, Dmitry and Korobeynikov, Anton and Pevzner, Pavel A},
  journal={Genome Research},
  volume={27},
  number={5},
  pages={824--834},
  year={2017},
  publisher={Cold Spring Harbor Lab}
}

@article{Seah2015,
  doi = {10.3389/fmicb.2015.01451},
  url = {https://doi.org/10.3389/fmicb.2015.01451},
  year  = {2015},
  month = {dec},
  publisher = {Frontiers Media {SA}},
  volume = {6},
  author = {Brandon K. B. Seah and Harald R. Gruber-Vodicka},
  title = {gbtools: Interactive Visualization of Metagenome Bins in R},
  journal = {Frontiers in Microbiology}
}

@article{Sharon2015,
  doi = {10.1101/gr.183012.114},
  url = {https://doi.org/10.1101/gr.183012.114},
  year  = {2015},
  month = {feb},
  publisher = {Cold Spring Harbor Laboratory},
  volume = {25},
  number = {4},
  pages = {534--543},
  author = {Itai Sharon and Michael Kertesz and Laura A. Hug and Dmitry Pushkarev and Timothy A. Blauwkamp and Cindy J. Castelle and Mojgan Amirebrahimi and Brian C. Thomas and David Burstein and Susannah G. Tringe and Kenneth H. Williams and Jillian F. Banfield},
  title = {Accurate,  multi-kb reads resolve complex populations and detect rare microorganisms},
  journal = {Genome Research}
}

@article{plass,
  doi = {10.1101/386110},
  url = {https://doi.org/10.1101/386110},
  year  = {2018},
  month = {aug},
  publisher = {Cold Spring Harbor Laboratory},
  author = {Martin Steinegger and Milot Mirdita and Johannes Soding},
  title = {Protein-level assembly increases protein sequence recovery from metagenomic samples manyfold}
}

@article{bcalm,
  doi = {10.1093/bioinformatics/btw279},
  url = {https://doi.org/10.1093/bioinformatics/btw279},
  year  = {2016},
  month = {jun},
  publisher = {Oxford University Press ({OUP})},
  volume = {32},
  number = {12},
  pages = {i201--i208},
  author = {Rayan Chikhi and Antoine Limasset and Paul Medvedev},
  title = {Compacting de Bruijn graphs from sequencing data quickly and in low memory},
  journal = {Bioinformatics}
}

@article{perchlorate,
  doi = {10.1038/s41396-018-0081-5},
  url = {https://doi.org/10.1038/s41396-018-0081-5},
  year  = {2018},
  month = {feb},
  publisher = {Springer Nature},
  volume = {12},
  number = {6},
  pages = {1568--1581},
  author = {Tyler P. Barnum and Israel A. Figueroa and Charlotte I. Carlstr\"{o}m and Lauren N. Lucas and Anna L. Engelbrektson and John D. Coates},
  title = {Genome-resolved metagenomics identifies genetic mobility,  metabolic interactions,  and unexpected diversity in perchlorate-reducing communities},
  journal = {The {ISME} Journal}
}

@article{metacherchant,
  doi = {10.1093/bioinformatics/btx681},
  url = {https://doi.org/10.1093/bioinformatics/btx681},
  year  = {2017},
  month = {oct},
  publisher = {Oxford University Press ({OUP})},
  volume = {34},
  number = {3},
  pages = {434--444},
  author = {Evgenii I Olekhnovich and Artem T Vasilyev and Vladimir I Ulyantsev and Elena S Kostryukova and Alexander V Tyakht},
  editor = {Bonnie Berger},
  title = {{MetaCherchant}: analyzing genomic context of antibiotic resistance genes in gut microbiota},
  journal = {Bioinformatics}
}

@article{Iverson2012,
  doi = {10.1126/science.1212665},
  url = {https://doi.org/10.1126/science.1212665},
  year  = {2012},
  month = {feb},
  publisher = {American Association for the Advancement of Science ({AAAS})},
  volume = {335},
  number = {6068},
  pages = {587--590},
  author = {V. Iverson and R. M. Morris and C. D. Frazar and C. T. Berthiaume and R. L. Morales and E. V. Armbrust},
  title = {Untangling Genomes from Metagenomes: Revealing an Uncultured Class of Marine Euryarchaeota},
  journal = {Science}
}

@article{Delmont2018,
  doi = {10.1038/s41564-018-0176-9},
  url = {https://doi.org/10.1038/s41564-018-0176-9},
  year  = {2018},
  month = {jun},
  publisher = {Springer Nature},
  volume = {3},
  number = {7},
  pages = {804--813},
  author = {Tom O. Delmont and Christopher Quince and Alon Shaiber and \"{O}zcan C. Esen and Sonny TM Lee and Michael S. Rapp{\'{e}} and Sandra L. McLellan and Sebastian L\"{u}cker and A. Murat Eren},
  title = {Nitrogen-fixing populations of Planctomycetes and Proteobacteria are abundant in surface ocean metagenomes},
  journal = {Nature Microbiology}
}

@article{Tully2018,
  doi = {10.1038/sdata.2017.203},
  url = {https://doi.org/10.1038/sdata.2017.203},
  year  = {2018},
  month = {jan},
  publisher = {Springer Nature},
  volume = {5},
  pages = {170203},
  author = {Benjamin J. Tully and Elaina D. Graham and John F. Heidelberg},
  title = {The reconstruction of 2, 631 draft metagenome-assembled genomes from the global oceans},
  journal = {Scientific Data}
}

@article{Stewart2018,
  doi = {10.1038/s41467-018-03317-6},
  url = {https://doi.org/10.1038/s41467-018-03317-6},
  year  = {2018},
  month = {feb},
  publisher = {Springer Nature},
  volume = {9},
  number = {1},
  author = {Robert D. Stewart and Marc D. Auffret and Amanda Warr and Andrew H. Wiser and Maximilian O. Press and Kyle W. Langford and Ivan Liachko and Timothy J. Snelling and Richard J. Dewhurst and Alan W. Walker and Rainer Roehe and Mick Watson},
  title = {Assembly of 913 microbial genomes from metagenomic sequencing of the cow rumen},
  journal = {Nature Communications}
}


@article{Hug2016,
  doi = {10.1038/nmicrobiol.2016.48},
  url = {https://doi.org/10.1038/nmicrobiol.2016.48},
  year  = {2016},
  month = {apr},
  publisher = {Springer Nature},
  volume = {1},
  number = {5},
  author = {Laura A. Hug and Brett J. Baker and Karthik Anantharaman and Christopher T. Brown and Alexander J. Probst and Cindy J. Castelle and Cristina N. Butterfield and Alex W. Hernsdorf and Yuki Amano and Kotaro Ise and Yohey Suzuki and Natasha Dudek and David A. Relman and Kari M. Finstad and Ronald Amundson and Brian C. Thomas and Jillian F. Banfield},
  title = {A new view of the tree of life},
  journal = {Nature Microbiology}
}

@phdthesis{ekg,
  author       = {Erik Garrison},
  title        = {Graphical pangenomics},
  school       = {Cambridge University},
  year         = 2018,
  month        = oct,
  note         = {{As submitted, awaiting viva (defense) and further
revision.}},
  doi          = {10.5281/zenodo.1463032},
  url          = {https://doi.org/10.5281/zenodo.1463032}
}

@article{feige1998threshold,
  title={A threshold of $\ln n$ for approximating set cover},
  author={Feige, Uriel},
  journal={Journal of the ACM (JACM)},
  volume={45},
  number={4},
  pages={634--652},
  year={1998},
  publisher={ACM}
}

@inproceedings{wcol2018,
  author    = {Wojciech Nadara and
               Marcin Pilipczuk and
               Roman Rabinovich and
               Felix Reidl and
               Sebastian Siebertz},
  editor    = {Gianlorenzo D'Angelo},
  title     = {Empirical Evaluation of Approximation Algorithms for Generalized Graph
               Coloring and Uniform Quasi-Wideness},
  booktitle = {17th International Symposium on Experimental Algorithms, {SEA} 2018,
               June 27-29, 2018, L'Aquila, Italy},
  series    = {LIPIcs},
  volume    = {103},
  pages     = {14:1--14:16},
  publisher = {Schloss Dagstuhl - Leibniz-Zentrum fuer Informatik},
  year      = {2018},
  url       = {https://doi.org/10.4230/LIPIcs.SEA.2018.14},
  doi       = {10.4230/LIPIcs.SEA.2018.14},
  timestamp = {Thu, 23 Aug 2018 15:56:06 +0200},
  biburl    = {https://dblp.org/rec/bib/conf/wea/NadaraPRRS18},
  bibsource = {dblp computer science bibliography, https://dblp.org}
}

@article{spa,
  doi = {10.1093/nar/gkt118},
  url = {https://doi.org/10.1093/nar/gkt118},
  year  = {2013},
  month = {feb},
  publisher = {Oxford University Press ({OUP})},
  volume = {41},
  number = {8},
  pages = {e91--e91},
  author = {Youngik Yang and Shibu Yooseph},
  title = {{SPA}: a short peptide assembler for metagenomic data},
  journal = {Nucleic Acids Research}
}

@misc{hmmer, 
  title   = {HMMER v3.2.1}, 
  url     = {http://hmmer.org/},  
  author  = {Eddy, Sean R and HMMER Development Team},
  month   = {jun},
  year    = {2018},
  note = {http://hmmer.org}
}

@article{pfam,
  doi = {10.1093/nar/gkv1344},
  url = {https://doi.org/10.1093/nar/gkv1344},
  year  = {2015},
  month = {dec},
  publisher = {Oxford University Press ({OUP})},
  volume = {44},
  number = {D1},
  pages = {D279--D285},
  author = {Robert D. Finn and Penelope Coggill and Ruth Y. Eberhardt and Sean R. Eddy and Jaina Mistry and Alex L. Mitchell and Simon C. Potter and Marco Punta and Matloob Qureshi and Amaia Sangrador-Vegas and Gustavo A. Salazar and John Tate and Alex Bateman},
  title = {The Pfam protein families database: towards a more sustainable future},
  journal = {Nucleic Acids Research}
} 

@article{mafft,
  doi = {10.1093/molbev/mst010},
  url = {https://doi.org/10.1093/molbev/mst010},
  year  = {2013},
  month = {jan},
  publisher = {Oxford University Press ({OUP})},
  volume = {30},
  number = {4},
  pages = {772--780},
  author = {K. Katoh and D. M. Standley},
  title = {{MAFFT} Multiple Sequence Alignment Software Version 7: Improvements in Performance and Usability},
  journal = {Molecular Biology and Evolution}
}

@article{bandage,
  doi = {10.1093/bioinformatics/btv383},
  url = {https://doi.org/10.1093/bioinformatics/btv383},
  year  = {2015},
  month = {jun},
  publisher = {Oxford University Press ({OUP})},
  volume = {31},
  number = {20},
  pages = {3350--3352},
  author = {Ryan R. Wick and Mark B. Schultz and Justin Zobel and Kathryn E. Holt},
  title = {Bandage: interactive visualization ofde novogenome assemblies: Fig. 1.},
  journal = {Bioinformatics}
}

@article{kegg,
  doi = {10.1016/j.jmb.2015.11.006},
  url = {https://doi.org/10.1016/j.jmb.2015.11.006},
  year  = {2016},
  month = {feb},
  publisher = {Elsevier {BV}},
  volume = {428},
  number = {4},
  pages = {726--731},
  author = {Minoru Kanehisa and Yoko Sato and Kanae Morishima},
  title = {{BlastKOALA} and {GhostKOALA}: {KEGG} Tools for Functional Characterization of Genome and Metagenome Sequences},
  journal = {Journal of Molecular Biology}
}

@article{snakemake,
  doi = {10.1093/bioinformatics/bts480},
  url = {https://doi.org/10.1093/bioinformatics/bts480},
  year  = {2012},
  month = {aug},
  publisher = {Oxford University Press ({OUP})},
  volume = {28},
  number = {19},
  pages = {2520--2522},
  author = {J. Koster and S. Rahmann},
  title = {Snakemake--a scalable bioinformatics workflow engine},
  journal = {Bioinformatics}
}

@inproceedings{jupyter,
  title={Jupyter Notebooks-a publishing format for reproducible computational workflows.},
  author={Kluyver, Thomas and Ragan-Kelley, Benjamin and P{\'e}rez, Fernando and Granger, Brian E and Bussonnier, Matthias and Frederic, Jonathan and Kelley, Kyle and Hamrick, Jessica B and Grout, Jason and Corlay, Sylvain and others},
  booktitle={ELPUB},
  pages={87--90},
  year={2016}
}

@article{numpy,
  doi = {10.1109/mcse.2011.37},
  url = {https://doi.org/10.1109/mcse.2011.37},
  year  = {2011},
  month = {mar},
  publisher = {Institute of Electrical and Electronics Engineers ({IEEE})},
  volume = {13},
  number = {2},
  pages = {22--30},
  author = {St{\'{e}}fan van der Walt and S Chris Colbert and Gaël Varoquaux},
  title = {The {NumPy} Array: A Structure for Efficient Numerical Computation},
  journal = {Computing in Science {\&} Engineering}
}

@article{matplotlib,
  doi = {10.1109/mcse.2007.55},
  url = {https://doi.org/10.1109/mcse.2007.55},
  year  = {2007},
  publisher = {Institute of Electrical and Electronics Engineers ({IEEE})},
  volume = {9},
  number = {3},
  pages = {90--95},
  author = {John D. Hunter},
  title = {Matplotlib: A 2D Graphics Environment},
  journal = {Computing in Science {\&} Engineering}
}

@article{pandas,
  title={pandas: a foundational Python library for data analysis and statistics},
  author={McKinney, Wes},
  journal={Python for High Performance and Scientific Computing},
  pages={1--9},
  year={2011}
}

@misc{scipy,
  author =    {Eric Jones and Travis Oliphant and Pearu Peterson and others},
  title =     {{SciPy}: Open source scientific tools for {Python}},
  year =      {2001--},
  url = "http://www.scipy.org/",
  note = {[Online; accessed <today>]}
}

@article{vegalite,
  doi = {10.1109/tvcg.2016.2599030},
  url = {https://doi.org/10.1109/tvcg.2016.2599030},
  year  = {2017},
  month = {jan},
  publisher = {Institute of Electrical and Electronics Engineers ({IEEE})},
  volume = {23},
  number = {1},
  pages = {341--350},
  author = {Arvind Satyanarayan and Dominik Moritz and Kanit Wongsuphasawat and Jeffrey Heer},
  title = {Vega-Lite: A Grammar of Interactive Graphics},
  journal = {{IEEE} Transactions on Visualization and Computer Graphics}
}

@inproceedings{jetstream1,
  doi = {10.1145/2792745.2792774},
  url = {https://doi.org/10.1145/2792745.2792774},
  year  = {2015},
  publisher = {{ACM} Press},
  author = {Craig A. Stewart and George Turner and Matthew Vaughn and Niall I. Gaffney and Timothy M. Cockerill and Ian Foster and David Hancock and Nirav Merchant and Edwin Skidmore and Daniel Stanzione and James Taylor and Steven Tuecke},
  title = {Jetstream},
  booktitle = {Proceedings of the 2015 {XSEDE} Conference on Scientific Advancements Enabled by Enhanced Cyberinfrastructure - {XSEDE} {\textquotesingle}15}
}

@article{jetstream2,
  doi = {10.1109/mcse.2014.80},
  url = {https://doi.org/10.1109/mcse.2014.80},
  year  = {2014},
  month = {sep},
  publisher = {Institute of Electrical and Electronics Engineers ({IEEE})},
  volume = {16},
  number = {5},
  pages = {62--74},
  author = {John Towns and Timothy Cockerill and Maytal Dahan and Ian Foster and Kelly Gaither and Andrew Grimshaw and Victor Hazlewood and Scott Lathrop and Dave Lifka and Gregory D. Peterson and Ralph Roskies and J. Ray Scott and Nancy Wilkens-Diehr},
  title = {{XSEDE}: Accelerating Scientific Discovery},
  journal = {Computing in Science {\&} Engineering}
}

@article{Parks2017,
  doi = {10.1038/s41564-017-0012-7},
  url = {https://doi.org/10.1038/s41564-017-0012-7},
  year  = {2017},
  month = {sep},
  publisher = {Springer Nature},
  volume = {2},
  number = {11},
  pages = {1533--1542},
  author = {Donovan H. Parks and Christian Rinke and Maria Chuvochina and Pierre-Alain Chaumeil and Ben J. Woodcroft and Paul N. Evans and Philip Hugenholtz and Gene W. Tyson},
  title = {Recovery of nearly 8, 000 metagenome-assembled genomes substantially expands the tree of life},
  journal = {Nature Microbiology}
}

@article{paladin,
  doi = {10.1093/bioinformatics/btx021},
  url = {https://doi.org/10.1093/bioinformatics/btx021},
  year  = {2017},
  month = {jan},
  publisher = {Oxford University Press ({OUP})},
  volume = {33},
  number = {10},
  pages = {1473--1478},
  author = {Anthony Westbrook and Jordan Ramsdell and Taruna Schuelke and Louisa Normington and R Daniel Bergeron and W Kelley Thomas and Matthew D MacManes},
  editor = {Alfonso Valencia},
  title = {{PALADIN}: protein alignment for functional profiling whole metagenome shotgun data},
  journal = {Bioinformatics}
}

@article{Quince2017,
  doi = {10.1038/nbt.3935},
  url = {https://doi.org/10.1038/nbt.3935},
  year  = {2017},
  month = {sep},
  publisher = {Springer Nature},
  volume = {35},
  number = {9},
  pages = {833--844},
  author = {Christopher Quince and Alan W Walker and Jared T Simpson and Nicholas J Loman and Nicola Segata},
  title = {Shotgun metagenomics,  from sampling to analysis},
  journal = {Nature Biotechnology}
}

@article{Pasolli2019,
  doi = {10.1016/j.cell.2019.01.001},
  url = {https://doi.org/10.1016/j.cell.2019.01.001},
  year  = {2019},
  month = {jan},
  publisher = {Elsevier {BV}},
  volume = {176},
  number = {3},
  pages = {649--662.e20},
  author = {Edoardo Pasolli and Francesco Asnicar and Serena Manara and Moreno Zolfo and Nicolai Karcher and Federica Armanini and Francesco Beghini and Paolo Manghi and Adrian Tett and Paolo Ghensi and Maria Carmen Collado and Benjamin L. Rice and Casey DuLong and Xochitl C. Morgan and Christopher D. Golden and Christopher Quince and Curtis Huttenhower and Nicola Segata},
  title = {Extensive Unexplored Human Microbiome Diversity Revealed by Over 150, 000 Genomes from Metagenomes Spanning Age,  Geography,  and Lifestyle},
  journal = {Cell}
}

@article{Petersen2016,
  doi = {10.1038/nmicrobiol.2016.195},
  url = {https://doi.org/10.1038/nmicrobiol.2016.195},
  year  = {2016},
  month = {oct},
  publisher = {Springer Nature},
  volume = {2},
  number = {1},
  author = {Jillian M. Petersen and Anna Kemper and Harald Gruber-Vodicka and Ulisse Cardini and Matthijs van der Geest and Manuel Kleiner and Silvia Bulgheresi and Marc Mu{\ss}mann and Craig Herbold and Brandon K.B. Seah and Chakkiath Paul Antony and Dan Liu and Alexandra Belitz and Miriam Weber},
  title = {Chemosynthetic symbionts of marine invertebrate animals are capable of nitrogen fixation},
  journal = {Nature Microbiology}
}
